@article{doksum1974tailfree,
	title={Tailfree and neutral random probabilities and their posterior distributions},
	author={Doksum, Kjell},
	journal={The Annals of Probability},
	pages={183--201},
	year={1974},
	publisher={JSTOR}
}
@article{bloem2017preferential,
	title={Preferential attachment and vertex arrival times},
	author={Bloem-Reddy, Benjamin and Orbanz, Peter},
	journal={arXiv preprint arXiv:1710.02159},
	year={2017}
}
@article{james2006poisson,
	title={Poisson calculus for spatial neutral to the right processes},
	author={James, Lancelot F},
	journal={The annals of Statistics},
	volume={34},
	number={1},
	pages={416--440},
	year={2006},
	publisher={Institute of Mathematical Statistics}
}
@article{hjort1990nonparametric,
	title={Nonparametric Bayes estimators based on beta processes in models for life history data},
	author={Hjort, Nils Lid},
	journal={the Annals of Statistics},
	volume={18},
	number={3},
	pages={1259--1294},
	year={1990},
	publisher={Institute of Mathematical Statistics}
}
@article{james2005poisson,
	title={Poisson process partition calculus with an application to Bayesian L{\'e}vy moving averages},
	author={James, Lancelot F},
	year={2005},
	publisher={Citeseer}
}
@techreport{pitman2002combinatorial,
	title={Combinatorial stochastic processes},
	author={Pitman, Jim and others},
	year={2002},
	institution={Technical Report 621, Dept. Statistics, UC Berkeley, 2002.}
}
@article{antoniak1974mixtures,
	title={Mixtures of Dirichlet processes with applications to Bayesian nonparametric problems},
	author={Antoniak, Charles E},
	journal={The annals of statistics},
	pages={1152--1174},
	year={1974},
	publisher={JSTOR}
}
@article{bloem2018sampling,
	title={Sampling and inference for Beta Neutral-to-the-Left models of sparse networks},
	author={Bloem-Reddy, Benjamin and Foster, Adam and Mathieu, Emile and Teh, Yee Whye},
	journal={arXiv preprint arXiv:1807.03113},
	year={2018}
}

@article{orbanz2012lecture,
	title={Lecture notes on bayesian nonparametrics},
	author={Orbanz, Peter},
	journal={Journal of Mathematical Psychology},
	volume={56},
	pages={1--12},
	year={2012}
}
@article{papapantoleon2008introduction,
	title={An introduction to L{\'e}vy processes with applications in finance},
	author={Papapantoleon, Antonis},
	journal={arXiv preprint arXiv:0804.0482},
	year={2008}
}

@article{hjort1990nonparametric,
	title={Nonparametric Bayes estimators based on beta processes in models for life history data},
	author={Hjort, Nils Lid},
	journal={the Annals of Statistics},
	volume={18},
	number={3},
	pages={1259--1294},
	year={1990},
	publisher={Institute of Mathematical Statistics}
}